<?xml version="1.0" encoding="UTF-8"?><collection xmlns="http://www.loc.gov/MARC21/slim"><record><leader>00423nam--2200157-i-4500</leader><controlfield tag="001">000001836</controlfield><controlfield tag="002">20161230</controlfield><controlfield tag="005">20170110233709</controlfield><controlfield tag="008">060222s1000------------r-----000-0-eng-d</controlfield><datafield ind1=" " ind2=" " tag="100"><subfield code="a">Doyle, D</subfield></datafield><datafield ind1=" " ind2=" " tag="245"><subfield code="a">Solid-liquid separation. A review and a bibliography</subfield></datafield><datafield ind1=" " ind2=" " tag="260"><subfield code="a">London</subfield><subfield code="b">Her Majesty S Stationery Office</subfield><subfield code="c">1966</subfield></datafield><datafield ind1=" " ind2=" " tag="300"><subfield code="a">XIII + 1003 p</subfield></datafield><datafield ind1=" " ind2=" " tag="700"><subfield code="a">Poole, J. B</subfield></datafield><datafield ind1=" " ind2=" " tag="852"><subfield code="a">24205</subfield></datafield><datafield ind1=" " ind2=" " tag="CAT"><subfield code="a">SYS</subfield><subfield code="c">20170110</subfield><subfield code="h">233709</subfield></datafield></record></collection>